{1:F01VALLMTMTAXXX.SS..SEQ..}{2:I940BOVDXSYS1821N}{3:{108:STATEMENT}}{4:
:20:221094
:25:40022530424
:28C:1586/1
:60F:C141126EUR10838,03
:61:1411261126C300000,NTRFMR GREEN LIMITED
:86:0000001019370127
:61:1411261126C140000,NTRFINTERTRONIC LTD
:86:INTERTRONIC - SUPERBAHIS
:61:1411261126C100000,NTRFINTERTRONIC LTD
:86:INTERTRONIC BETBOO
:61:1411261126C1500,NTRFBLING CITY LIMIT
:86:MERCHANT ACCOUNT 000000106623
:62M:C141126EUR552338,03
-}                                                          {1:F01VALLMTMTAXXX.SS..SEQ..}{2:I940BOVDXSYS1821N}{3:{108:STATEMENT}}{4:
:20:221094
:25:40022530424
:28C:1586/2
:60M:C141126EUR552338,03
:61:1411261126D232804,NTRF.//2944154
:86:GLOBAL REACH PARTNERS LIMITED
EUR232800.00
ZB3261
:62F:C141126EUR319534,03
-}                                                                                                                                                                                                                                                     